@InProceedings{Perlin85,
  author 	= "Ken Perlin",
  title 	= "An Image Synthesizer",
  booktitle 	= "SIGGRAPH â€™85: Proceedings of the 12th Annual Conference on Computer Graphics and Interactive Techniques",
  publisher     = "ACM",
  address       = "New York, NY, USA",
  volume 		= "19",
  year          = {1985},
  pages         = "287-296",
  doi = {http://dx.doi.org/10.1145/325334.325247},
  isbn = {0-89791-166-0},
}