@misc{Solvability,
	title={Solvability of the Tiles Game},
	author={Ryan, Mark},
	url={https://www.cs.bham.ac.uk/~mdr/teaching/ modules04/java2/TilesSolvability.html},
	publisher={School of Computer Science, University of Burmingham}
}

@INBOOK{AIMA-A*PolyProof,
	author = {Stuart J. Russell and Peter Norvig},
	title = {Artificial Intelligence: A Modern Approach},
	publisher = "Prentice Hall",
	year      =  2003,
	pages = {97-104},
	edition   = "2nd"
}